%% This BibTeX bibliography file was created using BibDesk.
%% http://bibdesk.sourceforge.net/


%% Created for Peter Gusev at 2015-05-08 16:32:27 -0700 


%% Saved with string encoding Unicode (UTF-8) 



@article{ndnvideo,
	Author = {Derek Kulinski, Jeff Burke},
	Date-Added = {2015-05-08 23:28:52 +0000},
	Date-Modified = {2015-05-08 23:31:49 +0000},
	Journal = {NDN, Technical Report NDN-0007},
	Month = {September},
	Title = {NDNVideo: Random-access Live and Pre-recorded Streaming using NDN},
	Year = {2012},
	Bdsk-File-1 = {YnBsaXN0MDDUAQIDBAUGJCVYJHZlcnNpb25YJG9iamVjdHNZJGFyY2hpdmVyVCR0b3ASAAGGoKgHCBMUFRYaIVUkbnVsbNMJCgsMDxJXTlMua2V5c1pOUy5vYmplY3RzViRjbGFzc6INDoACgAOiEBGABIAFgAdccmVsYXRpdmVQYXRoWWFsaWFzRGF0YV8QGi4uL2xpYnJhcnkvVFJzdHJlYW1pbmcucGRm0hcLGBlXTlMuZGF0YU8RAeAAAAAAAeAAAgAADE1hY2ludG9zaCBIRAAAAAAAAAAAAAAAAAAAAM1kqGpIKwAAA+DrHQ9UUnN0cmVhbWluZy5wZGYAAAAAAAAAAAAAAAAAAAAAAAAAAAAAAAAAAAAAAAAAAAAAAAAAAAAAAAAAAAAAAAADYg//0Ry/hgAAAAAAAAAAAAEAAgAACSAAAAAAAAAAAAAAAAAAAAAHbGlicmFyeQAAEAAIAADNZQraAAAAEQAIAADRHTAGAAAAAQAYA+DrHQB8e+wAfHvJAAXEOAAFxDcAAhDpAAIAYU1hY2ludG9zaCBIRDpVc2VyczoAcGVldG9ubjoARG9jdW1lbnRzOgBuZG5ydGMtd29ya3NwYWNlOgBwcm90b2NvbC1kZXNjOgBsaWJyYXJ5OgBUUnN0cmVhbWluZy5wZGYAAA4AIAAPAFQAUgBzAHQAcgBlAGEAbQBpAG4AZwAuAHAAZABmAA8AGgAMAE0AYQBjAGkAbgB0AG8AcwBoACAASABEABIATlVzZXJzL3BlZXRvbm4vRG9jdW1lbnRzL25kbnJ0Yy13b3Jrc3BhY2UvcHJvdG9jb2wtZGVzYy9saWJyYXJ5L1RSc3RyZWFtaW5nLnBkZgATAAEvAAAVAAIADv//AACABtIbHB0eWiRjbGFzc25hbWVYJGNsYXNzZXNdTlNNdXRhYmxlRGF0YaMdHyBWTlNEYXRhWE5TT2JqZWN00hscIiNcTlNEaWN0aW9uYXJ5oiIgXxAPTlNLZXllZEFyY2hpdmVy0SYnVHJvb3SAAQAIABEAGgAjAC0AMgA3AEAARgBNAFUAYABnAGoAbABuAHEAcwB1AHcAhACOAKsAsAC4ApwCngKjAq4CtwLFAskC0ALZAt4C6wLuAwADAwMIAAAAAAAAAgEAAAAAAAAAKAAAAAAAAAAAAAAAAAAAAwo=}}
